%% Created for Prasanta Ghosh on -01-20
%% Created for Prasanta Ghosh on -01-20

% Encoding: UTF-8
@article{munson1950standardizing,
  title={Standardizing auditory tests},
  author={Munson, WA and Gardner, Mark B},
  journal={The Journal of the Acoustical Society of America},
  volume={22},
  number={5},
  pages={675--675},
  year={1950},
  
}
@article{adda2016breaking,
  title={Breaking the unwritten language barrier: The BULB project},
  author={Adda, Gilles and St{\"u}ker, Sebastian and Adda-Decker, Martine and Ambouroue, Odette and Besacier, Laurent and Blachon, David and   others},
  journal={Procedia Computer Science},
  volume={81},
  pages={8--14},
  year={2016},
 
}
@InProceedings{BlackZenTokuda2007,
  author       = {Black, Alan W and Zen, Heiga and Tokuda, Keiichi},
  title        = {Statistical parametric speech synthesis},
  booktitle    = {Acoustics, Speech and Signal Processing, 2007. ICASSP 2007. IEEE International Conference on},
  year         = {2007},
  volume       = {4},
  pages        = {IV--1229}
}
@inproceedings{Han2019State,
  author    = {Kyu J. Han and
               Ramon Prieto and
               Tao Ma},
  title     = {State-of-the-Art Speech Recognition Using Multi-Stream Self-Attention
               with Dilated 1D Convolutions},
  booktitle = {Proc. ASRU},
  pages     = {54--61},
  year      = {2019},

}
@PhdThesis{Wang2014query,
  author = {Wang, Haipeng},
  title  = {Query-by-Example Spoken Term Detection for Low-resource Languages},
  school = {The Chinese University of Hong Kong, Hong Kong},
  year   = {2014},
}
@article{Wang2019Transformer,
  author    = {Yongqiang Wang and
               Abdelrahman Mohamed and
               Duc Le and
               Chunxi Liu and
               Alex Xiao and
               Jay Mahadeokar and
               Hongzhao Huang and
               Andros Tjandra and
               Xiaohui Zhang and
               Frank Zhang and
               Christian Fuegen and
               Geoffrey Zweig and
               Michael L. Seltzer},
  title     = {Transformer-based Acoustic Modeling for Hybrid Speech Recognition},
  journal   = {CoRR},
  volume    = {abs/1910.09799},
  year      = {2019},

}
@InProceedings{GishNg1993,
  author       = {Gish, Herbert and Ng, Kenney},
  title        = {A segmental speech model with applications to word spotting},
  booktitle    = {Proc. ICASSP},
  year         = {1993},
  volume       = {2},
  pages        = {447--450}
}
@inproceedings{yuan2017pairwise,
  title={Pairwise learning using multi-lingual bottleneck features for low-resource query-by-example spoken term detection},
  author={Yuan, Yougen and Leung, Cheung-Chi and Xie, Lei and Chen, Hongjie and Ma, Bin and Li, Haizhou},
  booktitle={Proc. ICASSP},
  pages={5645--5649},
  year={2017}
}
@Article{LeeLoChingEtAl2002,
  author    = {Lee, Tan and Lo, Wai Kit and Ching, P. C. and Meng, Helen},
  title     = {Spoken language resources for {C}antonese speech processing},
  journal   = {Speech Communication},
  year      = {2002},
  volume    = {36},
  number    = {3},
  pages     = {327--342},
  publisher = {Elsevier},
}

@article{I3EWang,
  title={Acoustic segment modeling with spectral clustering methods},
  author={Wang, Haipeng and Lee, Tan and Leung, Cheung-Chi and Ma, Bin and Li, Haizhou},
  journal={IEEE/ACM Trans. ASLP},
  volume={23},
  number={2},
  pages={264--277},
  year={2015},
  publisher={IEEE}
}
@article{dahl2012context,
  title={Context-dependent pre-trained deep neural networks for large-vocabulary speech recognition},
  author={Dahl, George E and Yu, Dong and Deng, Li and Acero, Alex},
  journal={IEEE Trans. ASLP},
  volume={20},
  number={1},
  pages={30--42},
  year={2012},
  publisher={IEEE}
}
@inproceedings{LeeSoongJuang,
  title={A segment model based approach to speech recognition},
  author={Lee, Chin-Hui and Soong, Frank K. and Juang, Bing-Hwang},
  booktitle={Proc. ICASSP},
  pages={501--504},
  year={1988}
}

@inproceedings{badino2015discovering,
  author    = {Leonardo Badino and
               Alessio Mereta and
               Lorenzo Rosasco},
  title     = {Discovering discrete subword units with binarized autoencoders and
               hidden-Markov-model encoders},
  booktitle = {Proc. INTERSPEECH},
  pages     = {3174--3178},
  year      = {2015}
}
@article{li2007vector,
  title={A vector space modeling approach to spoken language identification},
  author={Li, Haizhou and Ma, Bin and Lee, Chin-Hui},
  journal={IEEE Trans. ASLP},
  volume={15},
  number={1},
  pages={271--284},
  year={2007},
  publisher={IEEE}
}
@inproceedings{doersch2017multi,
  title={Multi-task self-supervised visual learning},
  author={Doersch, Carl and Zisserman, Andrew},
  booktitle={Proc. ICCV},
  pages={2051--2060},
  year={2017}
}

@inproceedings{Pascual2019,
  author={Santiago Pascual and Mirco Ravanelli and Joan Serr√† and Antonio Bonafonte and Yoshua Bengio},
  title={Learning Problem-Agnostic Speech Representations from Multiple Self-Supervised Tasks},
  year=2019,
  booktitle={Proc. INTERSPEECH},
  pages={161--165}
}
@inproceedings{aradilla2006using,
  author    = {Guillermo Aradilla and
               Jithendra Vepa and
               Herv{\'{e}} Bourlard},
  title     = {Using posterior-based features in template matching for speech recognition},
  booktitle = {Proc. INTERSPEECH},
  year      = {2006}
}

@inproceedings{glass2012towards,
  title={Towards unsupervised speech processing},
  author={Glass, James},
  booktitle={Proc. ISSPA},
  pages={1--4},
  year={2012}
}
@inproceedings{Jansen2011towards,
  author    = {Aren Jansen and
               Kenneth Church},
  title     = {Towards Unsupervised Training of Speaker Independent Acoustic Models},
  booktitle = {Proc. INTERSPEECH},
  pages     = {1693--1692},
  year      = {2011}
}

@inproceedings{oord2017neural,
  title={Neural discrete representation learning},
  author={van den Oord, A{\"{a}}ron and Vinyals, Oriol and Kavukcuoglu, Koray},
  booktitle={Advances in NIPS},
  pages={6306--6315},
  year={2017}
}
@inproceedings{grezl2007probabilistic,
  title={Probabilistic and bottle-neck features for {LVCSR} of meetings},
  author={Gr{\'e}zl, Frantisek and Karafi{\'a}t, Martin and Kont{\'a}r, Stanislav and Cernocky, Jan},
  booktitle={Proc. ICASSP},
  volume={4},
  pages={IV--757},
  year={2007}
}

@article{hochreiter1997long,
  title={Long short-term memory},
  author={Hochreiter, Sepp and Schmidhuber, J{\"u}rgen},
  journal={Neural computation},
  volume={9},
  number={8},
  pages={1735--1780},
  year={1997},
 
}
@inproceedings{Higuchi2019,
  author={Yosuke Higuchi and Naohiro Tawara and Tetsunori Kobayashi and Tetsuji Ogawa},
  title={Speaker Adversarial Training of {DPGMM}-Based Feature Extractor for Zero-Resource Languages},
  year=2019,
  booktitle={Proc. INTERSPEECH},
  pages={266--270} 
}
@book{international1999handbook,
  title={Handbook of the International Phonetic Association: A guide to the use of the International Phonetic Alphabet},
  author={International Phonetic Association and International Phonetic Association Staff and others},
  year={1999},
  publisher={Cambridge University Press}
}
@article{zelasko2020sounds,
  title={That Sounds Familiar: an Analysis of Phonetic Representations Transfer Across Languages},
  author={{\.Z}elasko, Piotr and Moro-Vel{\'a}zquez, Laureano and Hasegawa-Johnson, Mark and Scharenborg, OE and Dehak, Najim},
  journal={Proc. INTERSPEECH},
  year={2020},
 }
@inproceedings{riviere2020unsupervised,
author    = {Morgane Rivi{\`{e}}re and
               Armand Joulin and
               Pierre{-}Emmanuel Mazar{\'{e}} and
               Emmanuel Dupoux},
  title     = {Unsupervised pretraining transfers well across languages},
  booktitle={Proc. ICASSP},
  pages={7414--7418},
  year={2020}
}

@inproceedings{feng2020unsupervised,
  author={Siyuan Feng and Odette Scharenborg},
  title={{Unsupervised Subword Modeling Using Autoregressive Pretraining and Cross-Lingual Phone-Aware Modeling}},
  year=2020,
  booktitle={Proc. INTERSPEECH},
  pages={2732--2736},

}
@article{hinton2006fast,
  title={A fast learning algorithm for deep belief nets},
  author={Hinton, Geoffrey E and Osindero, Simon and Teh, Yee-Whye},
  journal={Neural computation},
  volume={18},
  number={7},
  pages={1527--1554},
  year={2006},
  publisher={MIT Press}
}
@inproceedings{Dunbar2020zero,
  author={Ewan Dunbar and Julien Karadayi and Mathieu Bernard and Xuan-Nga Cao and Robin Algayres and Lucas Ondel and others},
  title={{The Zero Resource Speech Challenge 2020: Discovering Discrete Subword and Word Units}},
  year=2020,
  booktitle={Proc. INTERSPEECH},
  pages={4831--4835},
  
}
@inproceedings{Niekerk2020vector,
  author={Benjamin van Niekerk and Leanne Nortje and Herman Kamper},
  title={{Vector-Quantized Neural Networks for Acoustic Unit Discovery in the ZeroSpeech 2020 Challenge}},
  year=2020,
  booktitle={Proc. INTERSPEECH},
  pages={4836--4840},
  }
@inproceedings{Gundogdu2020,
  author={Batuhan Gundogdu and Bolaji Yusuf and Mansur Yesilbursa and Murat Saraclar},
  title={{Vector Quantized Temporally-Aware Correspondence Sparse Autoencoders for Zero-Resource Acoustic Unit Discovery}},
  year=2020,
  booktitle={Proc. Interspeech 2020},
  pages={4846--4850},
   
}
@inproceedings{Tjandra2020transformer,
  author={Andros Tjandra and Sakriani Sakti and Satoshi Nakamura},
  title={{Transformer VQ-VAE for Unsupervised Unit Discovery and Speech Synthesis: ZeroSpeech 2020 Challenge}},
  year=2020,
  booktitle={Proc. INTERSPEECH},
  pages={4851--4855},
  
}
@inproceedings{Chen2020Unsupervised,
  author={Mingjie Chen and Thomas Hain},
  title={{Unsupervised Acoustic Unit Representation Learning for Voice Conversion Using WaveNet Auto-Encoders}},
  year=2020,
  booktitle={Proc. INTERSPEECH},
  pages={4866--4870},
  
}
@inproceedings{Tobing2020Cyclic,
  author={Patrick Lumban Tobing and Tomoki Hayashi and Yi-Chiao Wu and Kazuhiro Kobayashi and Tomoki Toda},
  title={{Cyclic Spectral Modeling for Unsupervised Unit Discovery into Voice Conversion with Excitation and Waveform Modeling}},
  year=2020,
  booktitle={Proc. INTERSPEECH},
  pages={4861--4865},
   
}
 
@inproceedings{kahn2019librilight,
  title={Libri-light: A benchmark for {ASR} with limited or no supervision},
  author={Kahn, Jacob and Rivi{\`e}re, Morgane and Zheng, Weiyi and Kharitonov, Evgeny and Xu, Qiantong and Mazar{\'e}, Pierre-Emmanuel and   others},
  booktitle={Proc. ICASSP},
  pages={7669--7673},
  year={2020}
}
@article{feng2021how,
  author    = {Siyuan Feng and
               Piotr Zelasko and
               Laureano Moro{-}Vel{\'{a}}zquez and
               Ali Abavisani and
               Mark Hasegawa{-}Johnson and
               Odette Scharenborg and
               Najim Dehak},
  title     = {How Phonotactics Affect Multilingual and Zero-shot {ASR} Performance},
  journal   = {To appear in Proc. ICASSP},
   year      = {2021},
   
}
 
@inproceedings{panayotov2015librispeech,
  author    = {Vassil Panayotov and
               Guoguo Chen and
               Daniel Povey and
               Sanjeev Khudanpur},
  title     = {Librispeech: An {ASR} corpus based on public domain audio books},
  booktitle = {Proc. ICASSP},
  pages     = {5206--5210},
  year      = {2015},

}
@misc{laurensw75cgn_kaldi,
    author       = {Laurens van der Werff},
    title        = {kaldi\_egs\_{CGN}},
    url = {https://github.com/laurensw75/kaldi_egs_CGN},
    }

@misc{aidatatang,
author={{Beijing DataTang Technology Co., Ltd}},
  title={Aidatatang 200zh, a free {C}hinese {M}andarin speech corpus},
}
  @misc{ wiki:arpabet,
    author = "{Wikipedia contributors}",
    title = "ARPABET --- {Wikipedia}{,} The Free Encyclopedia",
    year = "2020",
    url = "https://en.wikipedia.org/w/index.php?title=ARPABET&oldid=965012012",
    note = "[Online; accessed 7-July-2020]"
  }
@article{Kharitonov2020data_augment,
  author    = {Eugene Kharitonov and
               Morgane Rivi{\`{e}}re and
               Gabriel Synnaeve and
               Lior Wolf and
               Pierre{-}Emmanuel Mazar{\'{e}} and
               Matthijs Douze and
               Emmanuel Dupoux},
  title     = {Data Augmenting Contrastive Learning of Speech Representations in
               the Time Domain},
  journal   = {CoRR},
  volume    = {abs/2007.00991},
  year      = {2020}
  
}
@misc{cmu, url={http://www.speech.cs.cmu.edu/cgi-bin/cmudict}, journal={The CMU Pronouncing Dictionary}} 
@inproceedings{ghahremani2014pitch,
  title={A pitch extraction algorithm tuned for automatic speech recognition},
  author={Ghahremani, Pegah and BabaAli, Bagher and Povey, Daniel and Riedhammer, Korbinian and Trmal, Jan and Khudanpur, Sanjeev},
  booktitle={Proc. ICASSP},
  pages={2494--2498},
  year={2014}
}
@misc{macmillan2004detection,
  title={Detection theory: a user's guide, Ed 2 Mahwah},
  author={Macmillan, NA and Creelman, CD},
  year={2004},
  publisher={NJ: Lawrence Erlbaum.[Google Scholar]}
}
@inproceedings{Gutmann2010NCE,
  author    = {Michael Gutmann and
               Aapo Hyv{\"{a}}rinen},

  title     = {Noise-contrastive estimation: {A} new estimation principle for unnormalized
               statistical models},
  booktitle = {Proceedings of the Thirteenth International Conference on Artificial
               Intelligence and Statistics, {AISTATS} 2010},
   volume    = {9},
  pages     = {297--304},
   year      = {2010},
   }
@inproceedings{povey2016purely,
  author    = {Daniel Povey and
               Vijayaditya Peddinti and
               Daniel Galvez and
               Pegah Ghahremani and
               Vimal Manohar and
               Xingyu Na and
               others},
  title     = {Purely Sequence-Trained Neural Networks for {ASR} Based on Lattice-Free
               {MMI}},
  booktitle = {Proc. INTERSPEECH},
  pages     = {2751--2755},
  year      = {2016},
}
@inproceedings{oostdijk2000spoken,
  title={The Spoken {D}utch Corpus. Overview and First Evaluation.},
  author={Oostdijk, Nelleke},
  booktitle={LREC},
  pages={887--894},
  year={2000},
  organization={Athens, Greece}
}
@inproceedings{schuurman2003cgn,
  title={{CGN}, an annotated corpus of spoken Dutch},
  author={Schuurman, Ineke and Schouppe, Machteld and Hoekstra, Heleen and Van der Wouden, Ton},
  booktitle={Proceedings of 4th International Workshop on Linguistically Interpreted Corpora (LINC-03) at EACL 2003},
  year={2003}
}
@article{lee2015spoken,
  title={Spoken content retrieval‚Äîbeyond cascading speech recognition with text retrieval},
  author={Lee, Lin-shan and Glass, James and Lee, Hung-yi and Chan, Chun-an},
  journal={IEEE/ACM Trans. ASLP},
  volume={23},
  number={9},
  pages={1389--1420},
  year={2015},
  publisher={IEEE}
}
@article{feng2019_TASLP,
  author    = {Siyuan Feng and
               Tan Lee},
  title     = {Exploiting Cross-Lingual Speaker and Phonetic Diversity for Unsupervised
               Subword Modeling},
  journal   = {{IEEE/ACM} TASLP},
  volume    = {27},
  number    = {12},
  pages     = {2000--2011},
  year      = {2019},
  
}
@article{dupoux2018cognitive,
  title={Cognitive science in the era of artificial intelligence: A roadmap for reverse-engineering the infant language-learner},
  author={Dupoux, Emmanuel},
  journal={Cognition},
  volume={173},
  pages={43--59},
  year={2018},
  publisher={Elsevier}
}
@inproceedings{Tjandra2019,
  author={Andros Tjandra and Berrak Sisman and Mingyang Zhang and Sakriani Sakti and Haizhou Li and Satoshi Nakamura},
  title={{VQVAE unsupervised unit discovery and multi-scale code2spec inverter for Zerospeech Challenge 2019}},
  year=2019,
  booktitle={Proc. INTERSPEECH},
  pages={1118--1122}
}
@inproceedings{Dunbar2019,
  author={Ewan Dunbar and Robin Algayres and Julien Karadayi and Mathieu Bernard and Juan Benjumea and Xuan-Nga Cao and others},
  title={The Zero Resource Speech Challenge 2019: {TTS} Without {T}},
  year=2019,
  booktitle={Proc. INTERSPEECH},
  pages={1088--1092}
}

@article{liu2018completely,
  title={Completely Unsupervised Phoneme Recognition by Adversarially Learning Mapping Relationships from Audio Embeddings},
  author={Liu, Da-Rong and Chen, Kuan-Yu and Lee, Hung-yi and Lee, Lin-shan},
  journal={Proc. INTERSPEECH},
  pages={3748--3752},
  year={2018}
}
@inproceedings{hsu2017nips,
  author    = {Wei-Ning Hsu and
               Yu Zhang and
               James R. Glass},
  title     = {Unsupervised Learning of Disentangled and Interpretable Representations
               from Sequential Data},
  booktitle = {Advances in NIPS},
  pages     = {1876--1887},
  year      = {2017},
}
@inproceedings{Hsu2018unsupervised,
  author    = {Wei-Ning Hsu and
               Hao Tang and
               James R. Glass},
  title     = {Unsupervised Adaptation with Interpretable Disentangled Representations
               for Distant Conversational Speech Recognition},
  booktitle = {Proc. INTERSPEECH},
  pages     = {1576--1580},
  year      = {2018}
}
@article{maaten2008visualizing,
  title={Visualizing data using t-SNE},
  author={Maaten, Laurens van der and Hinton, Geoffrey},
  journal={Journal of machine learning research},
  volume={9},
  number={Nov},
  pages={2579--2605},
  year={2008}
}
@inproceedings{Hsu2018extracting,
  author    = {Wei-Ning Hsu and
               James R. Glass},
  title     = {Extracting Domain Invariant Features by Unsupervised Learning for
               Robust Automatic Speech Recognition},
  booktitle = {Proc. ICASSP},
  pages     = {5614--5618},
  year      = {2018}
}
@article{kingma2014adam,
  author    = {Diederik P. Kingma and
               Jimmy Ba},
  title     = {Adam: {A} Method for Stochastic Optimization},
  journal   = {arXiv},
  volume    = {abs/1412.6980},
  year      = {2014},
  
}
@inproceedings{kingma2014auto,
  author    = {Diederik P. Kingma and
               Max Welling},
  title     = {Auto-Encoding Variational Bayes},
  booktitle = {Proc. ICLR},
  year      = {2014}
}
@inproceedings{shon2018unsupervised,
  title={Unsupervised representation learning of speech for dialect identification},
  author={Shon, Suwon and Hsu, Wei-Ning and Glass, James},
  booktitle={Proc. SLT},
  pages={105--111},
  year={2018}
}
@article{Chen2019completely,
  author    = {Kuan-Yu Chen and
               Che-Ping Tsai and
               Da-Rong Liu and
               Hung-Yi Lee and
               Lin-Shan Lee},
  title     = {Completely Unsupervised Phoneme Recognition By {A} Generative Adversarial
               Network Harmonized With Iteratively Refined Hidden Markov Models},
  journal   = {CoRR},
  volume    = {abs/1904.04100},
  year      = {2019},
  url       = {http://arxiv.org/abs/1904.04100},
  archivePrefix = {arXiv},
  eprint    = {1904.04100},
  timestamp = {Thu, 25 Apr 2019 13:55:01 +0200},
  biburl    = {https://dblp.org/rec/bib/journals/corr/abs-1904-04100},
  bibsource = {dblp computer science bibliography, https://dblp.org}
}

@inproceedings{Feng2019improving,
  author={Siyuan Feng and Tan Lee},
  title={Improving Unsupervised Subword Modeling via Disentangled Speech Representation Learning and Transformation},
  year=2019,
  booktitle={Proc. INTERSPEECH},
  pages={281--285}
}


@inproceedings{Feng2019combining,
  author={Siyuan Feng and Tan Lee and Zhiyuan Peng},
  title={Combining Adversarial Training and Disentangled Speech Representation for Robust Zero-Resource Subword Modeling},
  year=2019,
  booktitle={Proc. INTERSPEECH},
  pages={1093--1097}
}


@InProceedings{lee2012a,
  author       = {Lee, Chia-ying and Glass, James},
  title        = {A nonparametric Bayesian approach to acoustic model discovery},
  booktitle    = {Proc. ACL},
  year         = {2012},
  pages        = {40--49}
}
@inproceedings{Ebbers2017,
  author={Janek Ebbers and Jahn Heymann and Lukas Drude and Thomas Glarner and Reinhold Haeb-Umbach and Bhiksha Raj},
  title={Hidden Markov Model Variational Autoencoder for Acoustic Unit Discovery},
  year=2017,
  booktitle={Proc. INTERSPEECH},
  pages={488--492}
}
@inproceedings{Glarner2018Full,
  author    = {Thomas Glarner and
               Patrick Hanebrink and
               Janek Ebbers and
               Reinhold Haeb-Umbach},
  title     = {Full Bayesian Hidden Markov Model Variational Autoencoder for Acoustic
               Unit Discovery},
  booktitle = {Proc. INTERSPEECH},
  pages     = {2688--2692},
  year      = {2018}
}
@article{ondel2016variational,
  title={Variational inference for acoustic unit discovery},
  author={Ondel, Lucas and Burget, Luk{\'a}{\v{s}} and {\v{C}}ernock{\`y}, Jan},
  journal={Proc. SLTU},
  volume={81},
  pages={80--86},
  year={2016}
}
@inproceedings{ondel2017bayesian,
  author    = {Lucas Ondel and
               Luk{\'{a}}s Burget and
               Jan Cernock{\'{y}} and
               Santosh Kesiraju},
  title     = {Bayesian phonotactic Language Model for Acoustic Unit Discovery},
  booktitle = {Proc. ICASSP},
  pages     = {5750--5754},
  year      = {2017}
}
@inproceedings{ondel2018bayesian,
  author    = {Lucas Ondel and
               Pierre Godard and
               Laurent Besacier and
               Elin Larsen and
               Mark Hasegawa-Johnson and
               Odette Scharenborg and
               others},
  title     = {Bayesian Models for Unit Discovery on a Very Low Resource Language},
  booktitle = {Proc. ICASSP},
  pages     = {5939--5943},
  year      = {2018}
}
@inproceedings{chung2013unsupervised,
  title={Unsupervised discovery of linguistic structure including two-level acoustic patterns using three cascaded stages of iterative optimization},
  author={Chung, Cheng-Tao and Chan, Chun-an and Lee, Lin-shan},
  booktitle={Proc. ICASSP},
  pages={8081--8085},
  year={2013}
}
@inproceedings{baevski2020vqwav2vec,
  author    = {Alexei Baevski and
               Steffen Schneider and
               Michael Auli},
  title     = {vq-wav2vec: Self-Supervised Learning of Discrete Speech Representations},
  booktitle = {Proc.  {ICLR}},
   year      = {2020},
   
}
@inproceedings{siu2010improved,
  author    = {Man-Hung Siu and
               Herbert Gish and
               Arthur Chan and
               William Belfield},
  title     = {Improved topic classification and keyword discovery using an {HMM}-based
               speech recognizer trained without supervision},
  booktitle = {Proc. INTERSPEECH},
  pages     = {2838--2841},
  year      = {2010},
}
@inproceedings{wang2014graph,
  author    = {Haipeng Wang and
               Tan Lee and
               Cheung-Chi Leung and
               Bin Ma and
               Haizhou Li},
  title     = {A graph-based Gaussian component clustering approach to unsupervised
               acoustic modeling},
  booktitle = {Proc. INTERSPEECH},
  pages     = {875--879},
  year      = {2014}
}
@article{lee2015unsupervised,
  author    = {Lee, Chia-ying and
               Timothy J. O'Donnell and
               James R. Glass},
  title     = {Unsupervised Lexicon Discovery from Acoustic Input},
  journal   = {{TACL}},
  volume    = {3},
  pages     = {389--403},
  year      = {2015}
}
@inproceedings{jansen2013weak,
  title={Weak top-down constraints for unsupervised acoustic model training.},
  author={Jansen, Aren and Thomas, Samuel and Hermansky, Hynek},
  booktitle={Proc. ICASSP},
  pages={8091--8095},
  year={2013}
}
@inproceedings{schutze2008introduction,
  title={Introduction to Information Retrieval},
  author={Sch{\"u}tze, Hinrich},
  booktitle={Proceedings of the international communication of association for computing machinery conference},
  year={2008}
}

@inproceedings{Hazen2011topic,
  author    = {Timothy J. Hazen and
               Man-Hung Siu and
               Herbert Gish and
               Steve Lowe and
               Arthur Chan},
  title     = {Topic modeling for spoken documents using only phonetic information},
  booktitle = {Proc. ASRU},
  pages     = {395--400},
  year      = {2011}
}
@InProceedings{HazenSaenkoLaEtAl2004,
  author       = {Hazen, Timothy J and Saenko, Kate and La, Chia-Hao and Glass, James R},
  title        = {A segment-based audio-visual speech recognizer: Data collection, development, and initial experiments},
  booktitle    = {Proceedings of the 6th international conference on Multimodal interfaces},
  year         = {2004},
  pages        = {235--242},
  organization = {ACM},
}

@InProceedings{WangRagniGalesEtAl2015,
  author    = {Wang, Haipeng and Ragni, Anton and Gales, Mark JF and Knill, Kate M and Woodland, Philip C and Zhang, Chao},
  title     = {Joint decoding of tandem and hybrid systems for improved keyword spotting on low resource languages},
  booktitle = {Proc. INTERSPEECH},
  year      = {2015},
}

@InProceedings{QiaoShimomuraMinematsu2008,
  author       = {Qiao, Yu and Shimomura, Naoya and Minematsu, Nobuaki},
  title        = {Unsupervised optimal phoneme segmentation: Objectives, algorithm and comparisons},
  booktitle    = {Proc. ICASSP},
  year         = {2008},
  pages        = {3989--3992}
}

@Article{SiuGishChanEtAl2014,
  author    = {Siu, Man-hung and Gish, Herbert and Chan, Arthur and Belfield, William and Lowe, Steve},
  title     = {Unsupervised training of an {HMM}-based self-organizing unit recognizer with applications to topic classification and keyword discovery},
  journal   = {Computer Speech \& Language},
  year      = {2014},
  volume    = {28},
  number    = {1},
  pages     = {210--223},
  publisher = {Elsevier},
}


@InProceedings{WangLeeLeung2011unsupervised,
  author       = {Wang, Haipeng and Lee, Tan and Leung, Cheung-Chi},
  title        = {Unsupervised spoken term detection with acoustic segment model},
  booktitle    = {Speech Database and Assessments (Oriental COCOSDA), 2011 International Conference on},
  year         = {2011},
  pages        = {106--111}
}
@article{ASAPP-ASR,
  author    = {Jing Pan and
               Joshua Shapiro and
               Jeremy Wohlwend and
               Kyu J. Han and
               Tao Lei and
               Tao Ma},
  title     = {{ASAPP-ASR:} Multistream {CNN} and Self-Attentive {SRU} for {SOTA}
               Speech Recognition},
  journal   = {CoRR},
  volume    = {abs/2005.10469},
  year      = {2020},
  
}
@book{austin2011cambridge,
  title={The Cambridge handbook of endangered languages},
  author={Austin, Peter K and Sallabank, Julia},
  year={2011},
  publisher={Cambridge University Press}
}
@inproceedings{li2019improving,
  title={{Improving RNN transducer modeling for end-to-end speech recognition}},
  author={Li, Jinyu and Zhao, Rui and Hu, Hu and Gong, Yifan},
  booktitle={Proc. ASRU},
  pages={114--121},
  year={2019}
}

@inproceedings{Prabhavalkar2017,
  author={Rohit Prabhavalkar and Kanishka Rao and Tara N. Sainath and Bo Li and Leif Johnson and Navdeep Jaitly},
  title={A Comparison of Sequence-to-Sequence Models for Speech Recognition},
  year=2017,
  booktitle={Proc. INTERSPEECH},
  pages={939--943}
}
@inproceedings{chan2016listen,
  title={Listen, attend and spell: A neural network for large vocabulary conversational speech recognition},
  author={Chan, William and Jaitly, Navdeep and Le, Quoc and Vinyals, Oriol},
  booktitle={Proc. ICASSP},
  pages={4960--4964},
  year={2016}
}
@inproceedings{Wang2013unsup_mining,
  author    = {Haipeng Wang and
               Tan Lee and
               Cheung-Chi Leung and
               Bin Ma and
               Haizhou Li},
  title     = {Unsupervised mining of acoustic subword units with segment-level {G}aussian            posteriorgrams},
  booktitle = {Proc. INTERSPEECH},
  pages     = {2297--2301},
  year      = {2013}
}

@InProceedings{WangLeeLeungEtAl2013using_parallel,
  author       = {Wang, Haipeng and Lee, Tan and Leung, Cheung-Chi and Ma, Bin and Li, Haizhou},
  title        = {Using parallel tokenizers with DTW matrix combination for low-resource spoken term detection},
  booktitle    = {Proc. ICASSP},
  year         = {2013},
  pages        = {8545--8549}
}

@InProceedings{WangLeungLeeEtAl2012,
  author       = {Wang, Haipeng and Leung, Cheung-Chi and Lee, Tan and Ma, Bin and Li, Haizhou},
  title        = {An acoustic segment modeling approach to query-by-example spoken term detection},
  booktitle    = {Proc. ICASSP},
  year         = {2012},
  pages        = {5157--5160}
}

@Article{WangLeungLeeEtAl2013,
  author    = {Wang, Haipeng and Leung, Cheung-Chi and Lee, Tan and Ma, Bin and Li, Haizhou},
  title     = {Shifted-delta MLP features for spoken language recognition},
  journal   = {IEEE Signal Processing Letters},
  year      = {2013},
  volume    = {20},
  number    = {1},
  pages     = {15--18},
  publisher = {IEEE},
}

@InProceedings{MaZhuLi2009,
  author       = {Ma, Bin and Zhu, Donglai and Li, Haizhou},
  title        = {Acoustic segment modeling for speaker recognition},
  booktitle    = {2009 IEEE International Conference on Multimedia and Expo},
  year         = {2009},
  pages        = {1668--1671}
}

@InProceedings{MuthusamyColeOshika1992,
  author       = {Muthusamy, Yeshwant K and Cole, Ronald A and Oshika, Beatrice T},
  title        = {The OGI multi-language telephone speech corpus.},
  booktitle    = {ICSLP},
  year         = {1992},
  volume       = {92},
  pages        = {895--898},
  organization = {Citeseer},
}
@inproceedings{feng2016exploit,
  title={Exploiting language-mismatched phoneme recognizers for unsupervised acoustic modeling},
  author={Feng, Siyuan and Lee, Tan and Wang, Haipeng},
  booktitle={Proc. ISCSLP},
  pages={1--5},
  year={2016},

}
@article{scharenborg2010unsupervised,
  title={Unsupervised speech segmentation: An analysis of the hypothesized phone boundaries},
  author={Scharenborg, Odette and Wan, Vincent and Ernestus, Mirjam},
  journal={The Journal of the Acoustical Society of America},
  volume={127},
  number={2},
  pages={1084--1095},
  year={2010},
  publisher={ASA}
}
@inproceedings{Li2020comparison,
  author={Jinyu Li and Yu Wu and Yashesh Gaur and Chengyi Wang and Rui Zhao and Shujie Liu},
  title={{On the Comparison of Popular End-to-End Models for Large Scale Speech Recognition}},
  year=2020,
  booktitle={Proc. INTERSPEECH},
  pages={1--5},
   
}
@inproceedings{Ondel2019Bayesian,
  author    = {Lucas Ondel and
               Hari Krishna Vydana and
               Luk{\'{a}}s Burget and
               Jan Cernock{\'{y}}},
  title     = {Bayesian Subspace Hidden {M}arkov Model for Acoustic Unit Discovery},
  booktitle = {Proc. INTERSPEECH},
  pages     = {261--265},
  year      = {2019}
}
@article{hinton2012deep,
  title={Deep neural networks for acoustic modeling in speech recognition: The shared views of four research groups},
  author={Hinton, Geoffrey and Deng, Li and Yu, Dong and Dahl, George E and Mohamed, Abdel-rahman and Jaitly, Navdeep and Senior, Andrew and Vanhoucke, Vincent and Nguyen, Patrick and Sainath, Tara N and Kingsbury, Brian},
  journal={IEEE Signal Processing Magazine},
  volume={29},
  number={6},
  pages={82--97},
  year={2012},
  publisher={IEEE}
}
@article{bishop2006pattern,
  title={Pattern recognition},
  author={Bishop, Christopher M},
  journal={Machine Learning},
  volume={128},
  pages={1--58},
  year={2006}
}
@book{mackay2003information,
  title={Information theory, inference and learning algorithms},
  author={MacKay, David JC},
  year={2003},
  publisher={Cambridge university press}
}
@article{bacchiani1999joint,
  title={Joint lexicon, acoustic unit inventory and model design},
  author={Bacchiani, Michiel and Ostendorf, Mari},
  journal={Speech Communication},
  volume={29},
  number={2-4},
  pages={99--114},
  year={1999}
}
@article{speech2020scharenborg,
  author    = {Odette Scharenborg and
               Lucas Ondel and
               Shruti Palaskar and
               Philip Arthur and
               Francesco Ciannella and
               Mingxing Du and
               Elin Larsen and
               Danny Merkx and
               Rachid Riad and
               Liming Wang and
               Emmanuel Dupoux and
               Laurent Besacier and
               Alan W. Black and
               Mark Hasegawa{-}Johnson and
               Florian Metze and
               Graham Neubig and
               Sebastian St{\"{u}}ker and
               Pierre Godard and
               Markus M{\"{u}}ller},
  title     = {Speech Technology for Unwritten Languages},
  journal   = {{IEEE} {ACM} Trans. Audio Speech Lang. Process.},
  volume    = {28},
  pages     = {964--975},
  year      = {2020},
  
}
@article{kullback1951information,
  title={On information and sufficiency},
  author={Kullback, Solomon and Leibler, Richard A},
  journal={The annals of mathematical statistics},
  volume={22},
  number={1},
  pages={79--86},
  year={1951},
  publisher={JSTOR}
}
@inproceedings{aradilla2008using,
  title={Using KL-based Acoustic Models in a Large Vocabulary Recognition Task},
  author={Aradilla, Guillermo and Bourlard, Herv{\'e} and Doss, Mathew Magimai},
  year={2008},
  booktitle = {Proc. INTERSPEECH},
  pages = {928--931},
}
@inproceedings{aradilla2007acoustic,
  title={An acoustic model based on Kullback-Leibler divergence for posterior features},
  author={Aradilla, Guillermo and Vepa, Jithendra and Bourlard, Herv{\'e}},
  booktitle={Proc. ICASSP},
  volume={4},
  pages={657--660},
  year={2007}
}
@inproceedings{razavi2014recognition,
  title={On recognition of non-native speech using probabilistic lexical model},
  author={Razavi, Marzieh and Magimai-Doss, Mathew},
  booktitle={Proc. INTERSPEECH},
  number={EPFL-CONF-200308},
  year={2014},
}
@article{imseng2014using,
  title={Using out-of-language data to improve an under-resourced speech recognizer},
  author={Imseng, David and Motlicek, Petr and Bourlard, Herv{\'e} and Garner, Philip N},
  journal={Speech communication},
  volume={56},
  pages={142--151},
  year={2014},
  publisher={Elsevier}
}
@inproceedings{dossgrapheme,
  title={GRAPHEME-BASED AUTOMATIC SPEECH RECOGNITION USING KL-HMM},
  author={Doss, Mathew Magimai- and Rasipuram, Ramya and Aradilla, Guillermo and Bourlard, Herv{\'e}},
  booktitle= {Proc. INTERSPEECH},
  pages= {445--448},
  year = {2011}

}
@inproceedings{imseng2012using,
  title={Using KL-divergence and multilingual information to improve ASR for under-resourced languages},
  author={Imseng, David and Bourlard, Herv{\'e} and Garner, Philip N},
  booktitle={Proc. ICASSP},
  pages={4869--4872},
  year={2012}
}
@inproceedings{kim2016dysarthric,
  title={Dysarthric speech recognition using kullback-leibler divergence-based hidden markov model},
  author={Kim, Myungjong and Wang, Jun and Kim, Hoirin},
  booktitle={Proc. INTERSPEECH},
  pages={2671--2671},
  year={2016}
}
@inproceedings{gosztolya2015building,
  title={Building context-dependent DNN acoustic models using Kullback-Leibler divergence-based state tying},
  author={Gosztolya, G{\'a}bor and Gr{\'o}sz, Tam{\'a}s and T{\'o}th, L{\'a}szl{\'o} and Imseng, David},
  booktitle={Acoustics, Speech and Signal Processing (ICASSP), 2015 IEEE International Conference on},
  pages={4570--4574},
  year={2015}
}
@inproceedings{asami2015training,
  title={Training data selection for acoustic modeling via submodular optimization of joint kullback-leibler divergence},
  author={Asami, Taichi and Masumura, Ryo and Masataki, Hirokazu and Okamoto, Manabu and Sakauchi, Sumitaka},
  booktitle={Proc. INTERSPEECH},
  year={2015},
  pages={3645--3649}
}
@inproceedings{Michel2017blind,
  author    = {Paul Michel and
               Okko R{\"{a}}s{\"{a}}nen and
               Roland Thiolli{\`{e}}re and
               Emmanuel Dupoux},
  title     = {Blind Phoneme Segmentation With Temporal Prediction Errors},
  booktitle = {Proc. ACL},
  pages     = {62--68},
  year      = {2017}
}
@inproceedings{Vetter2016unsup_phoneme_seg,
author={Marco Vetter and Markus M√ºller and Fatima Hamlaoui and Graham Neubig and Satoshi Nakamura and Sebastian St√ºker and Alex Waibel},
title={Unsupervised Phoneme Segmentation of Previously Unseen Languages},
year=2016,
booktitle={Proc. INTERSPEECH},
pages={3544--3548}
}
@inproceedings{dusan2006on_the_relation,
  author    = {Sorin Dusan and
               Lawrence R. Rabiner},
  title     = {On the relation between maximum spectral transition positions and
               phone boundaries},
  booktitle = {Proc. INTERSPEECH},
  year      = {2006}
}
@inproceedings{xie2016kl,
  title={A {KL} divergence and {DNN} approach to cross-lingual TTS},
  author={Xie, Feng-Long and Soong, Frank K and Li, Haifeng},
  booktitle={Proc. ICASSP},
  pages={5515--5519},
  year={2016}
}
@inproceedings{xie2016klvc,
  title={A KL Divergence and DNN-Based Approach to Voice Conversion without Parallel Training Sentences},
  author={Xie, Feng-Long and Soong, Frank K and Li, Haifeng},
  booktitle={Proc. INTERSPEECH},
  pages={287--291},
  year={2016}
}
@article{lamel2002lightly,
  title={Lightly supervised and unsupervised acoustic model training},
  author={Lamel, Lori and Gauvain, Jean-Luc and Adda, Gilles},
  journal={Computer Speech \& Language},
  volume={16},
  number={1},
  pages={115--129},
  year={2002},
  publisher={Elsevier}
}
@article{wessel2005unsupervised,
  title={Unsupervised training of acoustic models for large vocabulary continuous speech recognition},
  author={Wessel, Frank and Ney, Hermann},
  journal={IEEE TASLP},
  volume={13},
  number={1},
  pages={23--31},
  year={2005},
  publisher={IEEE}
}
@inproceedings{fraga2011lattice,
  title={Lattice-based unsupervised acoustic model training},
  author={Fraga-Silva, Thiago and Gauvain, Jean-Luc and Lamel, Lori},
  booktitle={Proc. ICASSP},
  pages={4656--4659},
  year={2011}
}
@article{yu2010active,
  title={Active learning and semi-supervised learning for speech recognition: A unified framework using the global entropy reduction maximization criterion},
  author={Yu, Dong and Varadarajan, Balakrishnan and Deng, Li and Acero, Alex},
  journal={Computer Speech \& Language},
  volume={24},
  number={3},
  pages={433--444},
  year={2010},
  publisher={Elsevier}
}
@inproceedings{huang2010semi,
  title={Semi-supervised training of {G}aussian mixture models by conditional entropy minimization},
  author={Huang, Jui-Ting and Hasegawa-Johnson, Mark},
  booktitle={Proc. INTERSPEECH},
  pages={1353--1356},
  year={2010}
}
@inproceedings{harwath2013zero,
  title={Zero resource spoken audio corpus analysis},
  author={Harwath, David F and Hazen, Timothy J and Glass, James R},
  booktitle={Proc. ICASSP},
  pages={8555--8559},
  year={2013}
}
@article{kesirajutopic,
  title={TOPIC IDENTIFICATION OF SPOKEN DOCUMENTS USING UNSUPERVISED ACOUSTIC UNIT DISCOVERY},
  author={Kesiraju, Santosh and Pappagari, Raghavendra and Ondel, Lucas and Burget, Luk{\'a}{\v{s}}}
}
@inproceedings{versteegh2015zero,
  title={The zero resource speech challenge 2015.},
  author={Versteegh, Maarten and Thiolli\`{e}re, Roland and Schatz, Thomas and Cao, Xuan-Nga and Anguera, Xavier and Jansen, Aren and Dupoux, Emmanuel},
  booktitle={Proc. INTERSPEECH},
  pages={3169--3173},
  year={2015}
}
@article{steve1996large,
  title={Large vocabulary continuous speech recognition: a review},
  author={Steve, YOUNG},
  journal={IEEE Signal Processing Magazine},
  volume={21},
  pages={786--797},
  year={1996}
}
@inproceedings{sak2014long,
  title={Long short-term memory recurrent neural network architectures for large scale acoustic modeling.},
  author={Sak, Hasim and Senior, Andrew W and Beaufays, Fran{\c{c}}oise},
  booktitle={Proc. INTERSPEECH},
  pages={338--342},
  year={2014}
}
@inproceedings{torbati2013speech,
  title={Speech acoustic unit segmentation using hierarchical dirichlet processes.},
  author={Torbati, Amir Hossein Harati Nejad and Picone, Joseph and Sobel, Marc},
  booktitle={Proc. INTERSPEECH},
  pages={637--641},
  year={2013}
}
@inproceedings{pereiro_estevan2007finding,
  title={Finding maximum margin segments in speech},
  author={Pereiro Estevan, Yago  and Wan, Vincent and Scharenborg, Odette},
  booktitle={Proc. ICASSP},
  volume={4},
  pages={937--940},
  year={2007}
}
@inproceedings{ScharenborgGLM19representations,
  author    = {Odette Scharenborg and
               Nikki van der Gouw and
               Martha A. Larson and
               Elena Marchiori},
   
  title     = {The Representation of Speech in Deep Neural Networks},
  booktitle = {Proc. {MMM}},

  volume    = {11296},
  pages     = {194--205},
  publisher = {Springer},
  year      = {2019},
  
}
@inproceedings{Huang2013cross,
  title={Cross-language knowledge transfer using multilingual deep neural network with shared hidden layers},
  author={Huang, Jui-Ting and Li, Jinyu and Yu, Dong and Deng, Li and Gong, Yifan},
  booktitle={Proc. ICASSP},
  pages={7304--7308},
  year={2013}
}
@inproceedings{ghoshal2013multilingual,
  title={Multilingual training of deep neural networks},
  author={Ghoshal, Arnab and Swietojanski, Pawel and Renals, Steve},
  booktitle={Proc. ICASSP},
  pages={7319--7323},
  year={2013},
}

@inproceedings{karafiat20172016,
  title={2016 {BUT} Babel system: Multilingual {BLSTM} acoustic model with i-vector based adaptation},
  author={Karafi{\'a}t, Martin and Baskar, Murali Karthick and Matejka, Pavel and Vesel{\`y}, Karel and Gr{\'e}zl, Franti{\v{s}}ek},
  booktitle={Proc. INTERSPEECH},
  pages={719--723},
  year={2017},
}
@inproceedings{karafiat2016multilingual,
  title={Multilingual {BLSTM} and speaker-specific vector adaptation in 2016 {BUT} babel system},
  author={Karafi{\'a}t, Martin and Baskar, Murali Karthick and Mat{\v{e}}jka, Pavel and Vesel{\`y}, Karel and Gr{\'e}zl, Franti{\v{s}}ek and {\v{C}}ernocky, Jan},
  booktitle={Proc. SLT},
  pages={637--643},
  year={2016},
}
@inproceedings{Zhou2017,
  author={Shiyu Zhou and Yuanyuan Zhao and Shuang Xu and Bo Xu},
  title={Multilingual Recurrent Neural Networks with Residual Learning for Low-Resource Speech Recognition},
  year={2017},
  booktitle={Proc. INTERSPEECH},
  pages={704--708}
}
@inproceedings{yu2016learning,
  title={Learning cross-lingual information with multilingual {BLSTM} for speech synthesis of low-resource languages},
  author={Yu, Quanjie and Liu, Peng and Wu, Zhiyong and Ang, Shiyin K and Meng, Helen and Cai, Lianhong},
  booktitle={Proc. ICASSP},
  pages={5545--5549},
  year={2016},
}
@inproceedings{ning2017learning,
  title={Learning cross-lingual knowledge with multilingual {BLSTM} for emphasis detection with limited training data},
  author={Ning, Yishuang and Wu, Zhiyong and Li, Runnan and Jia, Jia and Xu, Mingxing and Meng, Helen and Cai, Lianhong},
  booktitle={Proc. ICASSP},
  pages={5615--5619},
  year={2017},
}

@article{chorowski2019unsupervised,
  title={Unsupervised speech representation learning using wavenet autoencoders},
  author={Chorowski, Jan and Weiss, Ron J and Bengio, Samy and van den Oord, A{\"a}ron},
  journal={IEEE/ACM Transactions on Audio, Speech, and Language Processing},
  volume={27},
  number={12},
  pages={2041--2053},
  year={2019},
  publisher={IEEE}
}
@inproceedings{ni2016rapid,
  title={Rapid Update of Multilingual Deep Neural Network for Low-Resource Keyword Search},
  author={Ni, Chongjia and Wang, Lei and Leung, Cheung-Chi and Rao, Feng and Lu, Li and Ma, Bin and Li, Haizhou},
  booktitle={Proc. INTERSPEECH},
  pages={3698--3702},
  year={2016}
}
@article{martinet1970economie,
  title={Economie des changements phon{\'e}tiques},
  author={Martinet, Andr{\'e}},
  year={1970},
  publisher={Ed. A}
}
@book{hockett1955manual,
  title={A manual of phonology},
  author={Hockett, Charles Francis},
  number={11},
  year={1955},
  publisher={Waverly Press}
}
@article{park2007unsupervised,
  title={Unsupervised pattern discovery in speech},
  author={Park, Alex S and Glass, James R},
  journal={IEEE Transactions on Audio, Speech, and Language Processing},
  volume={16},
  number={1},
  pages={186--197},
  year={2007},
  publisher={IEEE}
}
@article{pellegrini2017technical,
  title={Technical Report The {IRIT-UPS} system@ ZeroSpeech 2017 Track1: unsupervised subword modeling},
  author={Pellegrini, Thomas and Manenti, C{\'e}line and Pinquier, Julien},
  year={2017}
}
@article{sethuraman1994constructive,
  title={A constructive definition of Dirichlet priors},
  author={Sethuraman, Jayaram},
  journal={Statistica sinica},
  pages={639--650},
  year={1994},
  publisher={JSTOR}
}
@Inbook{West1989multivariate,
author="West, Mike
and Harrison, Jeff",
title="Multivariate Modelling and Forecasting",
bookTitle="Bayesian Forecasting and Dynamic Models",
year="1989",
publisher="Springer New York",
address="New York, NY",
pages="597--651",
}
@article{neal2000markov,
  title={Markov chain sampling methods for Dirichlet process mixture models},
  author={Neal, Radford M},
  journal={Journal of computational and graphical statistics},
  volume={9},
  number={2},
  pages={249--265},
  year={2000},
  publisher={Taylor \& Francis}
}
@article{jain2004split,
  title={A split-merge Markov chain Monte Carlo procedure for the Dirichlet process mixture model},
  author={Jain, Sonia and Neal, Radford M},
  journal={Journal of computational and Graphical Statistics},
  volume={13},
  number={1},
  pages={158--182},
  year={2004},
  publisher={Taylor \& Francis}
}
@article{blei2006variational,
  title={Variational inference for Dirichlet process mixtures},
  author={Blei, David M and Jordan, Michael I and others},
  journal={Bayesian analysis},
  volume={1},
  number={1},
  pages={121--143},
  year={2006},
  publisher={International Society for Bayesian Analysis}
}
@inproceedings{kurihara2007accelerated,
  title={Accelerated variational Dirichlet process mixtures},
  author={Kurihara, Kenichi and Welling, Max and Vlassis, Nikos},
  booktitle={Advances in NIPS},
  pages={761--768},
  year={2007}
}
@inproceedings{ma2017improving,
  title={Improving Deliverable Speech-to-text Systems with Multilingual Knowledge Transfer},
  author={Ma, Jeff and Keith, Francis and Ng, Tim and Siu, Man-hung and Kimball, Owen},
  booktitle={Proc. INTERSPEECH},
  pages={127--131},
  year={2017}
}
@inproceedings{kurihara2007collapsed,
  title={Collapsed Variational Dirichlet Process Mixture Models.},
  author={Kurihara, Kenichi and Welling, Max and Teh, Yee Whye},
  booktitle={IJCAI},
  volume={7},
  pages={2796--2801},
  year={2007}
}
@inproceedings{yosinski2014transferable,
  title={How transferable are features in deep neural networks?},
  author={Yosinski, Jason and Clune, Jeff and Bengio, Yoshua and Lipson, Hod},
  booktitle={Advances in NIPS},
  pages={3320--3328},
  year={2014}
}
@inproceedings{chengexploration,
  title={An exploration of dropout with {LSTM}s},
  author={Cheng, Gaofeng and Peddinti, Vijayaditya and Povey, Daniel and Manohar, Vimal and Khudanpur, Sanjeev and Yan, Yonghong},
  booktitle={Proc. INTERSPEECH},
  pages={1586--1590},
  year={2017},
  
}
@inproceedings{Baljekar2015using,
  author    = {Pallavi Baljekar and
               Sunayana Sitaram and
               Prasanna Kumar Muthukumar and
               Alan W. Black},
  title     = {Using articulatory features and inferred phonological segments in zero resource speech processing},
  booktitle = {Proc. INTERSPEECH},
  pages     = {3194--3198},
  year      = {2015},
}
@inproceedings{mueller2016towards,
  title={Towards improving low-resource speech recognition using articulatory and language features},
  author={M{\"u}ller, Markus and St{\"u}ker, Sebastian and Waibel, Alex},
  booktitle={Proc.  IWSLT},
  volume={45},
  year={2016}
}
@inproceedings{swietojanski2012unsupervised,
  title={Unsupervised cross-lingual knowledge transfer in DNN-based LVCSR},
  author={Swietojanski, Pawel and Ghoshal, Arnab and Renals, Steve},
  booktitle={Proc. SLT},
  pages={246--251},
  year={2012}
}
@inproceedings{mueller2017towards,
  title={Towards phoneme inventory discovery for documentation of unwritten languages},
  author={M{\"u}ller, Markus and Franke, J{\"o}rg and Waibel, Alex and St{\"u}ker, Sebastian},
  booktitle={Proc. ICASSP},
  pages={5200--5204},
  year={2017}
}
@inproceedings{zhang2014improving,
  title={Improving deep neural network acoustic models using generalized maxout networks},
  author={Zhang, Xiaohui and Trmal, Jan and Povey, Daniel and Khudanpur, Sanjeev},
  booktitle={Proc. ICASSP},
  pages={215--219},
  year={2014},
}
@inproceedings{lee2016automatic,
  title={Automatic speech recognition for acoustical analysis and assessment of {C}antonese pathological voice and speech},
  author={Lee, Tan and Liu, Yuanyuan and Huang, Pei-Wen and Chien, Jen-Tzung and Lam, Wang Kong and Yeung, Yu Ting and Law, Thomas KT and Lee, Kathy YS and Kong, Anthony Pak-Hin and Law, Sam-Po},
  booktitle={Proc. ICASSP},
  pages={6475--6479},
  year={2016},
}
@article{graves2012RNN_T,
  author    = {Alex Graves},
  title     = {Sequence Transduction with Recurrent Neural Networks},
  journal   = {CoRR},
  volume    = {abs/1211.3711},
  year      = {2012},
   
}
@inproceedings{vesely2013sequence,
  title={Sequence-discriminative training of deep neural networks.},
  author={Vesel{\`y}, Karel and Ghoshal, Arnab and Burget, Luk{\'a}{\v{s}} and Povey, Daniel},
  booktitle={Proc. INTERSPEECH},
  pages={2345--2349},
  year={2013}
}
@inproceedings{ioffe2015batch,
  title={Batch normalization: Accelerating deep network training by reducing internal covariate shift},
  author={Ioffe, Sergey and Szegedy, Christian},
  booktitle={Proc. ICML},
  pages={448--456},
  year={2015}
}
@inproceedings{ko2015audio,
  title={Audio augmentation for speech recognition.},
  author={Ko, Tom and Peddinti, Vijayaditya and Povey, Daniel and Khudanpur, Sanjeev},
  booktitle={Proc. INTERSPEECH},
  pages={3586--3589},
  year={2015}
}
@article{povey2014parallel,
  title={Parallel training of deep neural networks with natural gradient and parameter averaging},
  author={Povey, Daniel and Zhang, Xiaohui and Khudanpur, Sanjeev},
  journal={arXiv preprint},
  year={2014}
}
@inproceedings{paul1992design,
  title={The design for the Wall Street Journal-based {CSR} corpus},
  author={Paul, Douglas B and Baker, Janet M},
  booktitle={Proc. workshop on Speech and Natural Language},
  pages={357--362},
  year={1992},
}
@article{williams1990efficient,
  title={An efficient gradient-based algorithm for on-line training of recurrent network trajectories},
  author={Williams, Ronald J and Peng, Jing},
  journal={Neural computation},
  volume={2},
  number={4},
  pages={490--501},
  year={1990},
  publisher={MIT Press}
}
@inproceedings{li2004rasc863,
  title={{RASC}863-A {C}hinese speech corpus with four regional accents},
  author={Li, Aijun and Yin, Zhigang and Wang, Tianqing and Fang, Qiang and Hu, Fang},
  booktitle={Proc. O-COCOSDA},
  year={2004}
}
@incollection{caruana1998multitask,
  title={Multitask learning},
  author={Caruana, Rich},
  booktitle={Learning to learn},
  pages={95--133},
  year={1998},
  publisher={Springer}
}
@inproceedings{levin2013fixed,
  title={Fixed-dimensional acoustic embeddings of variable-length segments in low-resource settings},
  author={Levin, Keith and Henry, Katharine and Jansen, Aren and Livescu, Karen},
  booktitle={Proc. ASRU},
  pages={410--415},
  year={2013}
}
@article{Kamper2017segmental,
  author    = {Herman Kamper and
               Aren Jansen and
               Sharon Goldwater},
  title     = {A segmental framework for fully-unsupervised large-vocabulary speech
               recognition},
  journal   = {Computer Speech {\&} Language},
  volume    = {46},
  pages     = {154--174},
  year      = {2017}
}
@article{kamper2016unsupervised,
  title={Unsupervised word segmentation and lexicon discovery using acoustic word embeddings},
  author={Kamper, Herman and Jansen, Aren and Goldwater, Sharon},
  journal={IEEE/ACM TASLP},
  volume={24},
  number={4},
  pages={669--679},
  year={2016}
}
@inproceedings{povey2011kaldi,
  title={The {K}aldi speech recognition toolkit},
  author={Povey, Daniel and Ghoshal, Arnab and Boulianne, Gilles and Burget, Luk{\'a}{\v{s}} and Glembek, Ond{\v{r}}ej and Goel, Nagendra and Hannemann, Mirko and Motlicek, Petr and Qian, Yanmin and Schwarz, Petr and others},
  booktitle={Proc. ASRU},
  year={2011},
}
@inproceedings{liu2017acoustic,
  title={Acoustic Assessment of Disordered Voice with Continuous Speech Based on Utterance-level ASR Posterior Features},
  author={Liu, Yuanyuan and Lee, Tan and Ching, PC and Law, Thomas KT and Lee, Kathy YS},
  journal={Proc. INTERSPEECH},
  pages={2680--2684},
  year={2017}
}
 @misc{ wiki:pinyintable,
   author = "Wikipedia",
   title = "Pinyin table --- Wikipedia{,} The Free Encyclopedia",
   year = "2017",
   url = "\url{https://en.wikipedia.org/w/index.php?title=Pinyin_table&oldid=758841913}",
   note = "[Online; accessed 20-March-2017]"
 }
 @misc{ wiki:pinyin,
    author = "Wikipedia",
    title = "Pinyin --- Wikipedia{,} The Free Encyclopedia",
    year = "2017",
    url = "\url{https://en.wikipedia.org/w/index.php?title=Pinyin&oldid=807838701}",
    note = "[Online; accessed 31-October-2017]"
  }
  @misc{ wiki-nourl:xxx,
   author = "Wikipedia",
   title = "Pinyin table --- Wikipedia{,} The Free Encyclopedia",
   year = "2017",
   url = "https://en.wikipedia.org/w/index.php?title=Pinyin_table&oldid=758841913",
   note = "[Online; accessed 21-March-2017]"
 }
@inproceedings{tong2017investigation,
  title={An Investigation of Deep Neural Networks for Multilingual Speech Recognition Training and Adaptation},
  author={Tong, Sibo and Garner, Philip N and Bourlard, Herv{\'e}},
  booktitle={Proc. INTERSPEECH},
  pages={714--718},
  year={2017}
}
@inproceedings{ragni2016multi,
  title={Multi-Language Neural Network Language Models.},
  author={Ragni, Anton and Dakin, Edgar and Chen, Xie and Gales, Mark JF and Knill, Kate M},
  booktitle={Proc. INTERSPEECH},
  pages={3042--3046},
  year={2016}
}
@inproceedings{feng2017linguistic,
  title={On the Linguistic Relevance of Speech Units Learned by Unsupervised Acoustic Modeling},
  author={Feng, Siyuan and Lee, Tan},
  booktitle={Proc. INTERSPEECH},
  pages={2068--2072},
  year={2017}
}

@inproceedings{feng2018exploiting,
  author={Siyuan Feng and Tan Lee},
  title={Exploiting Speaker and Phonetic Diversity of Mismatched Language Resources for Unsupervised Subword Modeling},
  year=2018,
  booktitle={Proc. INTERSPEECH},
  pages={2673--2677},
}
@inproceedings{heuvel2001speechdat,
  title={Speech{D}at-{E}: Five Eastern European Speech Databases for Voice-Operated Teleservices Completed},
  author={Heuvel, Henk van den and Boudy, Jerome and Bakcsi, Zsolt and Cernocky, Jan and Galunov, Valery and Kochanina, Julia and Majewski, Wojciech and Pollak, Petr and Rusko, Milan and Sadowski, Jerzy and others},
  booktitle={Proc. INTERSPEECH},
  year={2001}
}
@article{synnaeve2014weakly,
  title={Weakly supervised multi-embeddings learning of acoustic models},
  author={Synnaeve, Gabriel and Dupoux, Emmanuel},
  journal={arXiv preprint arXiv:1412.6645},
  year={2014}
}
@article{bengio2009learning,
  title={Learning deep architectures for {AI}},
  author={Bengio, Yoshua and others},
  journal={Foundations and trends{\textregistered} in Machine Learning},
  volume={2},
  number={1},
  pages={1--127},
  year={2009}
}



@article{schwarz2009phoneme,
  title={Phoneme recognition based on long temporal context},
  author={Schwarz, Petr},
  journal={PhD Tesis. Brno University of Technology. },
  year={2009}
}
@inproceedings{graves2013hybrid,
  title={Hybrid speech recognition with deep bidirectional {LSTM}},
  author={Graves, Alex and Jaitly, Navdeep and Mohamed, Abdel-rahman},
  booktitle={Proc. ASRU},
  pages={273--278},
  year={2013}
}
@inproceedings{swietojanski2012unsupervised,
  title={Unsupervised cross-lingual knowledge transfer in {DNN}-based {LVCSR}},
  author={Swietojanski, Pawel and Ghoshal, Arnab and Renals, Steve},
  booktitle={Proc. SLT},
  pages={246--251},
  year={2012}
}

@inproceedings{dunbar2017zero,
  title={The zero resource speech challenge 2017},
  author={Dunbar, Ewan and Cao, Xuan-Nga and Benjumea, Juan and Karadayi, Julien and Bernard, Mathieu and Besacier, Laurent and others},
  booktitle={Proc. ASRU},
  year={2017},
  pages={323--330}
}
@inproceedings{povey2018semi,
  author    = {Daniel Povey and
               Gaofeng Cheng and
               Yiming Wang and
               Ke Li and
               Hainan Xu and
               Mahsa Yarmohammadi and
               Sanjeev Khudanpur},
  title     = {Semi-Orthogonal Low-Rank Matrix Factorization for Deep Neural Networks},
  booktitle = {Proc. INTERSPEECH 2018},
  pages     = {3743--3747},
  year      = {2018},
  
}
@article{oord2018cpc,
  author    = {van den Oord, A{\"{a}}ron  and
               Yazhe Li and
               Oriol Vinyals},
  title     = {Representation Learning with Contrastive Predictive Coding},
  journal   = {CoRR},
  volume    = {abs/1807.03748},
  year      = {2018},

}
@inproceedings{Chung2019,
  author={Yu-An Chung and Wei-Ning Hsu and Hao Tang and James Glass},
  title={An Unsupervised Autoregressive Model for Speech Representation Learning},
  year=2019,
  booktitle={Proc. INTERSPEECH},
  pages={146--150}

}

@inproceedings{Chung2019generative,
author    = {Yu-An Chung and
               James R. Glass},
  title     = {Generative Pre-Training for Speech with Autoregressive Predictive Coding},
  year = {2020},
  booktitle={Proc ICASSP},
  pages={3497--3501}
}

@inproceedings{heck2017feature,
  title={Feature optimized {DPGMM} clustering for unsupervised subword modeling: A contribution to zerospeech 2017},
  author={Heck, Michael and Sakti, Sakriani and Nakamura, Satoshi},
  booktitle={Proc. ASRU},
  pages={740--746},
  year={2017},
}
@inproceedings{chen2017multilingual,
  title={Multilingual bottle-neck feature learning from untranscribed speech},
  author={Chen, Hongjie and Leung, Cheung-Chi and Xie, Lei and Ma, Bin and Li, Haizhou},
  booktitle={Proc. ASRU},
  pages={727--733},
  year={2017},
}
@inproceedings{shibata2017composite,
  title={Composite embedding systems for ZeroSpeech2017 track 1},
  author={Shibata, Hayato and Kato, Taku and Shinozaki, Takahiro and Watanabe, Shinji},
  booktitle={Proc. ASRU},
  pages={747--753},
  year={2017},
}
@inproceedings{ansari2017deep_bak,
  title={Deep learning methods for unsupervised acoustic modeling - {LEAP} submission to ZeroSpeech challenge 2017},
  author={Ansari, T K and Kumar, Rajath and Singh, Sonali and Ganapathy, Sriram},
  booktitle={Proc. ASRU},
  pages={754--761},
  year={2017}
}
@inproceedings{ansari2017deep,
  title={Deep learning methods for unsupervised acoustic modeling - {LEAP} submission to ZeroSpeech challenge 2017},
  author={Ansari, T K and Kumar, Rajath and Singh, Sonali and Ganapathy, Sriram},
  booktitle={Proc. ASRU},
  pages={754--761},
  year={2017}
}
@inproceedings{ansari2017unsupervised_bak,
  title={Unsupervised {HMM} posteriograms for language independent acoustic modeling in zero resource conditions},
  author={Ansari, T K and Kumar, Rajath and Singh, Sonali and Ganapathy, Sriram and Devi, Susheela},
  booktitle={Proc. ASRU},
  pages={762--768},
  year={2017}
}
@inproceedings{ansari2017unsupervised,
  title={Unsupervised {HMM} posteriograms for language independent acoustic modeling in zero resource conditions},
  author={Ansari, T K and Kumar, Rajath and Singh, Sonali and Ganapathy, Sriram and Devi, Susheela},
  booktitle={Proc. ASRU},
  pages={762--768},
  year={2017}
}
@inproceedings{yuan2017extracting,
  title={Extracting bottleneck features and word-like pairs from untranscribed speech for feature representations},
  author={Yuan, Yougen and Leung, Cheung-Chi and Xie, Lei and Chen, Hongjie and Ma, Bin and Li, Haizhou},
  booktitle={Proc. ASRU},
  pages={734--739},
  year={2017},
}
@inproceedings{Cui2017,
  author={Xiaodong Cui and Vaibhava Goel and George Saon},
  title={Embedding-Based Speaker Adaptive Training of Deep Neural Networks},
  booktitle={Proc. INTERSPEECH},
  year={2017},
  pages={122--126},
}

@inproceedings{Hori2017,
  author={Takaaki Hori and Shinji Watanabe and Yu Zhang and William Chan},
  title={Advances in Joint {CTC}-Attention Based End-to-End Speech Recognition with a Deep {CNN} Encoder and {RNN-LM}},
  booktitle={Proc. INTERSPEECH},
  pages={949--953},
  year={2017},
}
@inproceedings{thiolliere2015hybrid,
  title={A hybrid dynamic time warping-deep neural network architecture for unsupervised acoustic modeling},
  author={Thiolli\`{e}re, Roland and Dunbar, Ewan and Synnaeve, Gabriel and Versteegh, Maarten and Dupoux, Emmanuel},
  booktitle={Proc. INTERSPEECH},
  pages={3179--3183},
  year={2015}
}
@inproceedings{Hermann2018,
  author={Enno Hermann and Sharon Goldwater},
  title={Multilingual Bottleneck Features for Subword Modeling in Zero-resource Languages},
  year=2018,
  booktitle={Proc. INTERSPEECH},
  pages={2668--2672}
}
@article{hermann2018multilingual_journal,
  title={Multilingual and Unsupervised Subword Modeling for Zero-Resource Languages},
  author={Hermann, Enno and Kamper, Herman and Goldwater, Sharon},
  journal={arXiv preprint arXiv:1811.04791},
  year={2018}
}
@inproceedings{Chen+2016,
author={Chen, Hongjie and Leung, Cheung-Chi and Xie, Lei and Ma, Bin and Li, Haizhou},
title={Unsupervised Bottleneck Features for Low-Resource Query-by-Example Spoken Term Detection},
year=2016,
booktitle={INTERSPEECH},
pages={923--927}
}
@article{povey2012basis,
  title={A basis representation of constrained {MLLR} transforms for robust adaptation},
  author={Povey, Daniel and Yao, Kaisheng},
  journal={Computer Speech \& Language},
  volume={26},
  number={1},
  pages={35--51},
  year={2012},
  publisher={Elsevier}
}
@inproceedings{peddinti2015time,
  title={A time delay neural network architecture for efficient modeling of long temporal contexts},
  author={Peddinti, Vijayaditya and Povey, Daniel and Khudanpur, Sanjeev},
  booktitle={Proc. INTERSPEECH},
  year={2015},
  pages={3214--3218}
}
@inproceedings{chen2015parallel,
  title={Parallel inference of {D}irichlet process {G}aussian mixture models for unsupervised acoustic modeling: A feasibility study},
  author={Chen, Hongjie and Leung, Cheung-Chi and Xie, Lei and Ma, Bin and Li, Haizhou},
  booktitle={Proc. INTERSPEECH},
  year={2015},
  pages={3189--3193}
}
@article{chen2017multitask_jstsp,
  author    = {Hongjie Chen and
               Cheung-Chi Leung and
               Lei Xie and
               Bin Ma and
               Haizhou Li},
  title     = {Multitask Feature Learning for Low-Resource Query-by-Example Spoken
               Term Detection},
  journal   = {J. Sel. Topics Signal Processing},
  volume    = {11},
  number    = {8},
  pages     = {1329--1339},
  year      = {2017},
  
}
@inproceedings{wu2018optimizing,
  title={Optimizing {DPGMM} Clustering in Zero-Resource Setting based on Functional Load},
  author={Wu, Bin and Sakti, Sakriani and Zhang, Jinsong and Nakamura, Satoshi},
  booktitle={Proc. SLTU},
  year={2018},
  pages={1--5}
}
@article{heck2018dirichlet,
  title={Dirichlet Process Mixture of Mixtures Model for Unsupervised Subword Modeling},
  author={Heck, Michael and Sakti, Sakriani and Nakamura, Satoshi},
  journal={IEEE/ACM TASLP},
  volume={26},
  number={11},
  pages={2027--2042},
  year={2018},
  publisher={IEEE}
}
@inproceedings{chang2013parallel,
  title={Parallel sampling of {DP} mixture models using sub-cluster splits},
  author={Chang, Jason and Fisher III, John W},
  booktitle={Advances in NIPS},
  pages={620--628},
  year={2013}
}
@inproceedings{kamper2015fully,
  title={Fully unsupervised small-vocabulary speech recognition using a segmental bayesian model},
  author={Kamper, Herman and Jansen, Aren and Goldwater, Sharon},
  booktitle={Proc. INTERSPEECH},
  year={2015},
  pages={678--682}
}
@inproceedings{renshaw2015comparison,
  title={A comparison of neural network methods for unsupervised representation learning on the zero resource speech challenge},
  author={Renshaw, Daniel and Kamper, Herman and Jansen, Aren and Goldwater, Sharon},
  booktitle={Proc. INTERSPEECH},
  year={2015},
  pages={3199--3203},
}
@inproceedings{kamper2014unsupervised,
  title={Unsupervised lexical clustering of speech segments using fixed-dimensional acoustic embeddings},
  author={Kamper, Herman and Jansen, Aren and King, Simon and Goldwater, Sharon},
  booktitle={Proc. SLT},
  pages={100--105},
  year={2014}
}
@inproceedings{sung2018unsuperivsed,
  title={Unsupervised Pattern Discovery from Thematic Speech Archives Based on Multilingual Bottleneck Features},
  author={Sung, Man-Ling and Feng, Siyuan and Lee, Tan},
  booktitle={Accepted by APSIPA ASC},
  year={2018},
}
@inproceedings{kamper2015unsupervised,
  title={Unsupervised neural network based feature extraction using weak top-down constraints},
  author={Kamper, Herman and Elsner, Micha and Jansen, Aren and Goldwater, Sharon},
  booktitle={Proc. ICASSP},
  pages={5818--5822},
  year={2015}
}
@inproceedings{Heck+2016,
author={Michael Heck and Sakriani Sakti and Satoshi Nakamura},
title={Supervised Learning of Acoustic Models in a Zero Resource Setting to Improve {DPGMM} Clustering},
year=2016,
booktitle={Proc. INTERSPEECH},
pages={1310--1314}
}
@inproceedings{heck2016unsupervised,
  title={Unsupervised linear discriminant analysis for supporting {DPGMM} clustering in the zero resource scenario},
  author={Heck, Michael and Sakti, Sakriani and Nakamura, Satoshi},
  booktitle={Proc. SLTU},
  pages={73--79},
  year={2016}
}
@inproceedings{Heck2016iterative,
  author    = {Michael Heck and
               Sakriani Sakti and
               Satoshi Nakamura},
  title     = {Iterative training of a {DPGMM-HMM} acoustic unit recognizer in a
               zero resource scenario},
  booktitle = {Proc. SLT},
  pages     = {57--63},
  year      = {2016},

}
@inproceedings{grezl2009investigation,
  title={Investigation into bottle-neck features for meeting speech recognition},
  author={Gr{\'e}zl, Franti{\v{s}}ek and Karafi{\'a}t, Martin and Burget, Luk{\'a}{\v{s}}},
  booktitle={Proc. INTERSPEECH},
  year={2009},
  pages={2947--2950},
}
@inproceedings{vesely2012language_independent,
  author    = {Karel Vesel{\'{y}} and
               Martin Karafi{\'{a}}t and
               Frantisek Gr{\'{e}}zl and
               Milos Janda and
               Ekaterina Egorova},
  title     = {The language-independent bottleneck features},
  booktitle = {Proc. SLT},
  pages     = {336--341},
  year      = {2012}
}
@inproceedings{vesely2011convolutive,
  author    = {Karel Vesel{\'{y}} and
               Martin Karafi{\'{a}}t and
               Frantisek Gr{\'{e}}zl},
  title     = {Convolutive Bottleneck Network features for {LVCSR}},
  booktitle = {Proc. ASRU},
  pages     = {42--47},
  year      = {2011}
}
@article{leggetter1995maximum,
  title={Maximum likelihood linear regression for speaker adaptation of continuous density hidden Markov models},
  author={Leggetter, Christopher J and Woodland, Philip C},
  journal={Computer speech \& language},
  volume={9},
  number={2},
  pages={171--185},
  year={1995},
  publisher={Elsevier}
}
@article{gales1998maximum,
  title={Maximum likelihood linear transformations for {HMM}-based speech recognition},
  author={Gales, Mark JF},
  journal={Computer speech \& language},
  volume={12},
  number={2},
  pages={75--98},
  year={1998},
  publisher={Elsevier}
}
@inproceedings{anastasakos1996compact,
  title={A compact model for speaker-adaptive training},
  author={Anastasakos, Tasos and McDonough, John and Schwartz, Richard and Makhoul, John},
  booktitle={Proc. ICSLP},
  volume={2},
  pages={1137--1140},
  year={1996}
}
@inproceedings{anastasakos1997speaker,
  title={Speaker adaptive training: A maximum likelihood approach to speaker normalization},
  author={Anastasakos, Tasos and McDonough, John and Makhoul, John},
  booktitle={Proc. ICASSP},
  volume={2},
  pages={1043--1046},
  year={1997}
}
@article{gales1999semi,
  title={Semi-tied covariance matrices for hidden Markov models},
  author={Gales, Mark JF},
  journal={IEEE Trans. SAP},
  volume={7},
  number={3},
  pages={272--281},
  year={1999},
  publisher={IEEE}
}

@inproceedings{haeb1992linear,
  title={Linear discriminant analysis for improved large vocabulary continuous speech recognition},
  author={Haeb-Umbach, Reinhold and Ney, Hermann},
  booktitle={Proc. ICASSP},
  volume={1},
  pages={13--16},
  year={1992}
  }
  @inproceedings{Wang2019child,
  author={Jiarui Wang and Ying Qin and Zhiyuan Peng and Tan Lee},
  title={Child Speech Disorder Detection with Siamese Recurrent Network Using Speech Attribute Features},
  year=2019,
  booktitle={Proc. INTERSPEECH},
  pages={3885--3889}
}
@article{miao2015speaker,
  title={Speaker adaptive training of deep neural network acoustic models using i-vectors},
  author={Miao, Yajie and Zhang, Hao and Metze, Florian},
  journal={IEEE/ACM Trans. ASLP},
  volume={23},
  number={11},
  pages={1938--1949},
  year={2015},
  publisher={IEEE}
}
@article{digalakis1995speaker,
  title={Speaker adaptation using constrained estimation of {G}aussian mixtures},
  author={Digalakis, Vassilios V and Rtischev, Dimitry and Neumeyer, Leonardo G},
  journal={IEEE Trans. SAP},
  volume={3},
  number={5},
  pages={357--366},
  year={1995},
  publisher={IEEE}
}
@inproceedings{abdel2013fast,
  title={Fast speaker adaptation of hybrid NN/HMM model for speech recognition based on discriminative learning of speaker code},
  author={Abdel-Hamid, Ossama and Jiang, Hui},
  booktitle={Proc. ICASSP},
  pages={7942--7946},
  year={2013}
}
@inproceedings{xue2014direct,
  title={Direct adaptation of hybrid {DNN}/{HMM} model for fast speaker adaptation in {LVCSR} based on speaker code},
  author={Xue, Shaofei and Abdel-Hamid, Ossama and Jiang, Hui and Dai, Lirong},
  booktitle={Proc. ICASSP},
  pages={6339--6343},
  year={2014}
}
@article{xue2014fast,
  title={Fast adaptation of deep neural network based on discriminant codes for speech recognition},
  author={Xue, Shaofei and Abdel-Hamid, Ossama and Jiang, Hui and Dai, Lirong and Liu, Qingfeng},
  journal={IEEE/ACM Trans. ASLP},
  volume={22},
  number={12},
  pages={1713--1725},
  year={2014},
  publisher={IEEE}
}
@inproceedings{bahdanau2016end_to_end,
  author    = {Dzmitry Bahdanau and
               Jan Chorowski and
               Dmitriy Serdyuk and
               Philemon Brakel and
               Yoshua Bengio},
  title     = {End-to-end attention-based large vocabulary speech recognition},
  booktitle = {Proc. ICASSP},
  pages     = {4945--4949},
  year      = {2016}
}
@inproceedings{Chen2019,
  author={Kuan-Yu Chen and Che-Ping Tsai and Da-Rong Liu and Hung-Yi Lee and Lin-shan Lee},
  title={Completely Unsupervised Phoneme Recognition by a Generative Adversarial Network Harmonized with Iteratively Refined Hidden {M}arkov Models},
  year=2019,
  booktitle={Proc. INTERSPEECH},
  pages={1856--1860}
}
@inproceedings{graves2014towards,
  title={Towards end-to-end speech recognition with recurrent neural networks},
  author={Graves, Alex and Jaitly, Navdeep},
  booktitle={Proc. ICML},
  pages={1764--1772},
  year={2014}
}
@article{rabiner1989tutorial,
  title={A tutorial on hidden Markov models and selected applications in speech recognition},
  author={Rabiner, Lawrence R},
  journal={Proceedings of the IEEE},
  volume={77},
  number={2},
  pages={257--286},
  year={1989},
  publisher={IEEE}
}
@inproceedings{yu2013kl,
  title={KL-divergence regularized deep neural network adaptation for improved large vocabulary speech recognition},
  author={Yu, Dong and Yao, Kaisheng and Su, Hang and Li, Gang and Seide, Frank},
  booktitle={Proc. ICASSP},
  pages={7893--7897},
  year={2013}
}
@inproceedings{Xie2017,
  author={Xurong Xie and Xunying Liu and Tan Lee and Lan Wang},
  title={{RNN-LDA} Clustering for Feature Based {DNN} Adaptation},
  year=2017,
  booktitle={Proc. INTERSPEECH},
  pages={2396--2400}
}
@inproceedings{saon2013speaker,
  title={Speaker adaptation of neural network acoustic models using i-vectors},
  author={Saon, George and Soltau, Hagen and Nahamoo, David and Picheny, Michael},
  booktitle={Proc. ASRU},
  pages={55--59},
  year={2013}
}
@inproceedings{kamper2017embeded,
  author    = {Herman Kamper and
               Karen Livescu and
               Sharon Goldwater},
  title     = {An embedded segmental K-means model for unsupervised segmentation
               and clustering of speech},
  booktitle = {Proc. ASRU },
  pages     = {719--726},

  year      = {2017},

}
@article{scikit-learn,
 title={Scikit-learn: Machine Learning in {P}ython},
 author={Pedregosa, F. and Varoquaux, G. and Gramfort, A. and Michel, V.
         and Thirion, B. and Grisel, O. and Blondel, M. and others},
 journal={Journal of Machine Learning Research},
 volume={12},
 pages={2825--2830},
 year={2011}
}
@inproceedings{hasegawa2020grapheme,
  title={Grapheme-to-phoneme transduction for cross-language ASR},
  author={Hasegawa-Johnson, Mark and Rolston, Leanne and Goudeseune, Camille and Levow, Gina-Anne and Kirchhoff, Katrin},
  booktitle={Proc. ICSLSP},
  pages={3--19},
  year={2020},
}
@book{cover1999elements,
  title={Elements of information theory (Wiley Series in Telecommunications and Signal Processing)},
  author={Cover, Thomas M and Thomas, J. A.},
  year={2006},
  publisher={John Wiley \& Sons}
}
@inproceedings{schultz2002globalphone,
  title={Globalphone: a multilingual speech and text database developed at karlsruhe university},
  author={Schultz, Tanja},
  booktitle={Proc. INTERSPEECH},
  year={2002}
}
@inproceedings{doulaty2015latent,
  title={Latent dirichlet allocation based organisation of broadcast media archives for deep neural network adaptation},
  author={Doulaty, Mortaza and Saz, Oscar and Ng, Raymond WM and Hain, Thomas},
  booktitle={Proc. ASRU},
  pages={130--136},
  year={2015}
}
@inproceedings{xu2014semi_supervised,
  title={Semi-supervised training for bottle-neck feature based {DNN-HMM} hybrid systems},
  author={Xu, Haihua and Su, Hang and Chng, Eng Siong and Li, Haizhou},
  booktitle={Proc. INTERSPEECH},
  year={2014}
}
@inproceedings{li2010comparison,
  title={Comparison of discriminative input and output transformations for speaker adaptation in the hybrid {NN/HMM} systems},
  author={Li, Bo and Sim, Khe Chai},
  booktitle={Proc. INTERSPEECH},
  year={2010},
  pages={526--529}
}
@inproceedings{seltzer2013investigation,
  title={An investigation of deep neural networks for noise robust speech recognition},
  author={Seltzer, Michael L and Yu, Dong and Wang, Yongqiang},
  booktitle={Proc. ICASSP},
  pages={7398--7402},
  year={2013}
}
@inproceedings{tsuchiya2018speaker,
  title={SPEAKER INVARIANT FEATURE EXTRACTION FOR ZERO-RESOURCE LANGUAGES
WITH ADVERSARIAL LEARNING},
  author={Taira Tsuchiya and Naohiro Tawara and Testuji Ogawa and Tetsunori Kobayashi},
  booktitle={Proc. ICASSP},
  pages={2381--2385},
  year={2018}
}
@inproceedings{meng2018speaker,
  title={SPEAKER-INVARIANT TRAINING VIA ADVERSARIAL LEARNING},
  author={Meng, Zhong and Li, Jinyu and Chen, Zhuo and Zhao, Yong and Mazalov, Vadim and Gong, Yifan and Juang, Biing-Hwang (Fred)},
  booktitle={Proc. ICASSP},
  pages={5969--5973},
  year={2018}
}
@inproceedings{sun2018domain,
  title={DOMAIN ADVERSARIAL TRAINING FOR ACCENTED SPEECH RECOGNITION},
  author={Sun, Sining and Yeh, Ching-Feng and Hwang, Mei-Yuh and Ostendorf, Mari and Xie, Lei},
  booktitle={Proc. ICASSP},
  pages={4854--4858},
  year={2018}
}
@inproceedings{wang2018unsupervised,
  title={UNSUPERVISED DOMAIN ADAPTATION VIA DOMAIN ADVERSARIAL TRAINING FOR SPEAKER RECOGNITION},
  author={Wang, Qing and Rao, Wei and Sun, Sining and Xie, Lei and Chng, Eng Siong and Li, Haizhou},
  booktitle={Proc. ICASSP},
  pages={4889--4893},
  year={2018}
}
@INPROCEEDINGS{Stolcke02srilm--,
    author = {Andreas Stolcke},
    title = {{SRILM} -- An extensible language modeling toolkit},
    booktitle = {Proc. ICSLP},
    year = {2002},
    pages = {901--904}
}
@inproceedings{chung2015iterative,
  title={An iterative deep learning framework for unsupervised discovery of speech features and linguistic units with applications on spoken term detection},
  author={Chung, Cheng-Tao and Tsai, Cheng-Yu and Lu, Hsiang-Hung and Liu, Chia-Hsiang and Lee, Hung-yi and Lee, Lin-shan},
  booktitle={Proc. ASRU},
  pages={245--251},
  year={2015}
}

@inproceedings{meng2017unsupervised,
  title={Unsupervised Adaptation with Domain Separation Networks for Robust Speech Recognition},
  author={Meng, Zhong and Chen, Zhuo and Mazalov, Vadim and Li, Jinyu and Gong, Yifan},
  booktitle={Proc. ASRU},
  pages={214--221},
  year={2017}
}
@article{feng2020effectiveness,
  author    = {Siyuan Feng and
               Odette Scharenborg},
  title     = {The effectiveness of unsupervised subword modeling with autoregressive
               and cross-lingual phone-aware networks},
  journal   = {Under review by IEEE OJ-SP. Manuscript available at ArXiv.},
  volume    = {abs/2012.09544},
  year      = {2020},
  
}
@inproceedings{Bhati2019unsupervised,
  author={Saurabhchand Bhati and Shekhar Nayak and K. Sri Rama Murty and Najim Dehak},
  title={{Unsupervised Acoustic Segmentation and Clustering Using Siamese Network Embeddings}},
  year=2019,
  booktitle={Proc. INTERSPEECH},
  pages={2668--2672},
 
}
@inproceedings{Bhati2017,
  author={Saurabhchand Bhati and Shekhar Nayak and K. Sri Rama Murty},
  title={Unsupervised Speech Signal to Symbol Transformation for Zero Resource Speech Applications},
  year={2017},
  booktitle={Proc. INTERSPEECH},
  pages={2133--2137}
}
@inproceedings{Godard2018mboshi,
  author    = {Pierre Godard and
               Gilles Adda and
               Martine Adda{-}Decker and
               Juan Benjumea and
               Laurent Besacier and
               Jamison Cooper{-}Leavitt and
               others},
   
  title     = {A Very Low Resource Language Speech Corpus for Computational Language
               Documentation Experiments},
  booktitle = {Proc. {LREC}},
   year      = {2018},
  
}
@article{Yusuf2020hierarchical,
  author    = {Bolaji Yusuf and
               Lucas Ondel and
               Luk{\'{a}}s Burget and
               Jan Cernock{\'{y}} and
               Murat Saraclar},
  title     = {A Hierarchical Subspace Model for Language-Attuned Acoustic Unit Discovery},
  journal   = {CoRR},
  volume    = {abs/2011.03115},
  year      = {2020},
   archivePrefix = {arXiv},
 }
@inproceedings{Zeghidour+2016,
author={Neil Zeghidour and Gabriel Synnaeve and Nicolas Usunier and Emmanuel Dupoux},
title={Joint Learning of Speaker and Phonetic Similarities with Siamese Networks},
year={2016},
booktitle={Proc. INTERSPEECH},
pages={1295--1299}
}
@inproceedings{ganin2015unsupervised,
  title={Unsupervised Domain Adaptation by Backpropagation},
  author={Ganin, Yaroslav and Lempitsky, Victor},
  booktitle={International Conference on Machine Learning},
  pages={1180--1189},
  year={2015}
}
@article{ganin2016domain,
  title={Domain-adversarial training of neural networks},
  author={Ganin, Yaroslav and Ustinova, Evgeniya and Ajakan, Hana and Germain, Pascal and Larochelle, Hugo and Laviolette, Fran{\c{c}}ois and Marchand, Mario and Lempitsky, Victor},
  journal={The Journal of Machine Learning Research},
  volume={17},
  number={1},
  pages={2096--2030},
  year={2016},
  publisher={JMLR. org}
}
@article{dahl2011context,
  title={Context-dependent pre-trained deep neural networks for large-vocabulary speech recognition},
  author={Dahl, George E and Yu, Dong and Deng, Li and Acero, Alex},
  journal={IEEE TASLP},
  volume={20},
  number={1},
  pages={30--42},
  year={2011},
  publisher={IEEE}
}
@inproceedings{shinohara2016adversarial,
  title={Adversarial Multi-Task Learning of Deep Neural Networks for Robust Speech Recognition.},
  author={Shinohara, Yusuke},
  booktitle={Proc. INTERSPEECH},
  pages={2369--2372},
  year={2016}
}
@inproceedings{Saon2017,
  author={George Saon and Gakuto Kurata and Tom Sercu and Kartik Audhkhasi and Samuel Thomas and Dimitrios Dimitriadis and Xiaodong Cui and Bhuvana Ramabhadran and Michael Picheny and Lynn-Li Lim and Bergul Roomi and Phil Hall},
  title={English Conversational Telephone Speech Recognition by Humans and Machines},
  year={2017},
  booktitle={Proc. INTERSPEECH},
  pages={132--136}
}
@inproceedings{zeghidour2016deep,
  title={A deep scattering spectrum-deep siamese network pipeline for unsupervised acoustic modeling},
  author={Zeghidour, Neil and Synnaeve, Gabriel and Versteegh, Maarten and Dupoux, Emmanuel},
  booktitle={Proc. ICASSP},
  pages={4965--4969},
  year={2016}
}
@inproceedings{kim2004using,
  title={Using VTLN for broadcast news transcription},
  author={Kim, DY and Umesh, S and Gales, MJF and Hain, T and Woodland, PC},
  booktitle={Proc. INTERSPEECH},
  year={2004}
}
@inproceedings{jansen2011efficient,
  title={Efficient spoken term discovery using randomized algorithms},
  author={Jansen, Aren and Van Durme, Benjamin},
  booktitle={Proc. ASRU},
  pages={401--406},
  year={2011}
}
@inproceedings{manenti2017unsupervised,
  title={Unsupervised Speech Unit Discovery Using K-means and Neural Networks},
  author={Manenti, C{\'e}line and Pellegrini, Thomas and Pinquier, Julien},
  booktitle={Proc. SLSP},
  pages={169--180},
  year={2017}
}
@Comment{jabref-meta: databaseType:bibtex;}

@article{Davis80-COP,
	Author = {Steven B. Davis and Paul Mermelstein},
	Journal = {IEEE Transactions on Acoustics, Speech and Signal Processing},
	Number = {4},
	Pages = {357--366},
	Title = {Comparison of Parametric Representation for Monosyllabic Word Recognition in Continuously Spoken Sentences},
	Volume = {28},
	Year = {1980}}

@article{Rabiner89-ATO,
	Author = {Lawrence R. Rabiner},
	Journal = {Proceedings of the IEEE},
	Number = {2},
	Pages = {257--286},
	Title = {A Tutorial on Hidden {Markov} Models and Selected Applications in Speech Recognition},
	Volume = {77},
	Year = {1989}}

@book{Hastie09-TEO,
	Address = {New York},
	Author = {Trevor Hastie and Robert Tibshirani and Jerome Friedman},
	Publisher = {Springer},
	Title = {The Elements of Statistical Learning -- Data Mining, Inference, and Prediction},
	Year = {2009}}

@inproceedings{YourName20-XXX,
	Author = {Firstname1 Lastname1 and Firstname2 Lastname2 and Firstname3 Lastname3},
	Crossref = {INTERSPEECH20},
	Date-Modified = {-01-20 09:35:16 +0000},
	Pages = {100--104},
	Title = {Title of your {INTERSPEECH} 2020 publication}}

@proceedings{INTERSPEECH20,
	Booktitle = {{INTERSPEECH} 2020 -- 21\textsuperscript{th} Annual Conference of the International Speech Communication Association, September 14-18, Shanghai, China, Proceedings},
	Date-Modified = {2019-01-20 09:24:27 +0000},
	Key = {INTERSPEECH},
	Title = {{INTERSPEECH} 2020 -- 21\textsuperscript{th} Annual Conference of the International Speech Communication Association, September 14-18, Shanghai, China, Proceedings},
	Year = {2020}}


@article{Davis80-COP,
	Author = {Steven B. Davis and Paul Mermelstein},
	Journal = {IEEE Transactions on Acoustics, Speech and Signal Processing},
	Number = {4},
	Pages = {357--366},
	Title = {Comparison of Parametric Representation for Monosyllabic Word Recognition in Continuously Spoken Sentences},
	Volume = {28},
  Month = aug,
	Year = {1980}}

@article{Rabiner89-ATO,
	Author = {Lawrence R. Rabiner},
	Journal = {Proceedings of the IEEE},
	Number = {2},
	Pages = {257--286},
	Title = {A Tutorial on Hidden {Markov} Models and Selected Applications in Speech Recognition},
	Volume = {77},
  Month = feb,
	Year = {1989}}

@book{Hastie09-TEO,
	Address = {New York},
	Author = {Trevor Hastie and Robert Tibshirani and Jerome Friedman},
	Publisher = {Springer},
	Title = {The Elements of Statistical Learning -- Data Mining, Inference, and Prediction},
	Year = {2009}}

@inproceedings{YourName21-XXX,
	Author = {Firstname1 Lastname1 and Firstname2 Lastname2 and Firstname3 Lastname3},
	Crossref = {INTERSPEECH21},
	Pages = {100--104},
	Title = {Title of your {INTERSPEECH} 2021 publication}}

@proceedings{INTERSPEECH21,
	Booktitle = {Proceedings {INTERSPEECH} 2021 -- 22\textsuperscript{th} Annual Conference of the International Speech Communication Association},
	Date-Modified = {2021-01-22},
	Key = {INTERSPEECH},
	Title = {Proceedings {INTERSPEECH} 2021 -- 22\textsuperscript{th} Annual Conference of the International Speech Communication Association},
  Address = {{Brno, Czech Republic}},
  Month = {{Aug./Sep.}},
	Year = {2021}}
